@techreport{censi14canonization_sub,
  author = {Andrea Censi and Stefano Soatto},
  title = {Canonization paper},
  institution = {Massachussets Institute of Technology},
  url = {http://purl.org/censi/2014/canonization}, 
  year = {2014},
  number={},
  desc = { 
  },
  descicon = {http://purl.org/censi/web/media/paper-icons/censi14canonization.jpg}
}

@techreport{censi14bootinvariance_sub,
  author = {Andrea Censi},
  title = {Necessary invariance properties of learning agents in the interactive bootstrapping setting},
  institution = {Massachussets Institute of Technology},
  url = {http://purl.org/censi/2014/bootinvariance}, 
  year = {2014},
  number={},
  desc = { 
  },
  descicon = {http://purl.org/censi/web/media/paper-icons/censi14bootinvariance.jpg}
}

@techreport{censi14reclearning_sub,
  author = {Andrea Censi},
  title = {The XXX pattern for recursive learning from interactive setting},
  institution = {Massachussets Institute of Technology},
  url = {http://purl.org/censi/2014/reclearning}, 
  year = {2014},
  number={},
  desc = { 
  },
  descicon = {http://purl.org/censi/web/media/paper-icons/censi14reclearning.jpg}
}
 
@techreport{censi14despl_sub,
  author = {Andrea Censi},
  title = {Design Patterns for Parallel Sensorimotor Learning, or: the joy of waking up and finding the experiments all done},
  institution = {Massachussets Institute of Technology},
  url = {http://purl.org/censi/2014/reclearning}, 
  year = {2014},
  number={},
  desc = { 
  },
  descicon = {http://purl.org/censi/web/media/paper-icons/censi14despl.jpg}
}
 

@techreport{censi14compmake_sub,
  author = {Andrea Censi},
  title = {Compmake: a Tutorial},
  institution = {Massachussets Institute of Technology},
  url = {http://purl.org/censi/2014/compmake}, 
  year = {2014},
  number={},
  desc = { 
  },
  descicon = {http://purl.org/censi/web/media/paper-icons/censi14compmake.jpg}
}
 
 