
@MISC{censi12saccade_preprint,
  author = {Andrea Censi and Andrew D. Straw and Rosalyn W. Sayaman and Richard M. Murray and Michael H. Dickinson},
  title = {Discriminating external and internal causes
for saccade initiation in freely flying {\em Drosophila}},
  kind = {preprint},
  url = {http://purl.org/censi/2011/saccade}, 
  year = {2012},
}


@misc{censi11bgds,
  author = {Andrea Censi and Richard M. Murray},
  title = {Bootstrapping bilinear gradient dynamical models},
  howpublished = {Technical Report},
  year = {2011},
  pdf = {http://},
  kind = {preprint}
}

@misc{censi11xxx,
  author = {Andrea Censi},
  title = {XXX},
  howpublished = {Technical Report},
  year = {2011},
  pdf = {http://},
  kind = {preprint}
}

@misc{censi11accuracy,
  author = {Andrea Censi},
  title = {The achievable accuracy for range-finder localization},
  howpublished = {Technical Report},
  notes = {Journal version (submitted)},
  year = {2011},
  pdf = {http://},
  kind = {preprint}
}




@TECHREPORT{censi11semantics_report,
   author = {Andrea Censi and Richard M. Murray},
   title = {Bootstrapping, uncertain semantics, and invariance},
   institution = {California Institute of Technology},
   number = {CaltechCDSTR:2011.004},
   year = {2011},
  pdf =  {http://purl.org/censi/research/2011-bootstrapping_semantics_invariance.pdf},
   pdfstable = {http://resolver.caltech.edu/CaltechCDSTR:2011.004},
   kind = {preprint}
}
@TECHREPORT{censi11bgds_report,
  author = {Andrea Censi and Richard M. Murray},
  title = {A group-theoretic approach to formalizing bootstrapping problems},
  institution = {California Institute of Technology},
  number = {CaltechCDSTR:2011.005},
  year = {2011},
  pdf = {http://purl.org/censi/2011/bgds_tr},
  slides = {http://www.cds.caltech.edu/~andrea/pub/research/2011-semantics-invariance.pdf},
  pdfstable = {http://resolver.caltech.edu/CaltechCDSTR:2011.005},
  kind = {preprint}
}

