

@inproceedings{carlone12linear_preprint,
  author = {Luca Carlone and Andrea Censi},
  title = {Linear estimation on {SO(2)} for graph-based simultaneous localization and mapping},
  year = {2012},
  kind = {preprint},
  pdf = {http://purl.org/censi/research/2011-linearSO2-draft.pdf}
}