% This file was created with JabRef 2.6.
% Encoding: ISO8859_1

@ARTICLE{icdl11_dikjstra_skull,
  author = {dikjstra},
  title = {XXX},
  timestamp = {2011.04.11}
}

@MISC{icdl11_icdl,
  title = {ICDL},
  timestamp = {2011.04.11}
}

@MISC{icdl11_icra,
  title = {ICRA},
  timestamp = {2011.04.11},
  url = {http://www.icra2011.org/}
}

@MISC{icdl11_iros,
  title = {IROS},
  timestamp = {2011.04.11},
  url = {http://www.iros2011.org/}
}

@MISC{icdl11_ros,
  title = {ROS - The Robot Operating System},
  timestamp = {2011.04.11},
  url = {http://www.ros.org/}
}

@MISC{icdl11_rss,
  title = {RSS},
  timestamp = {2011.04.11},
  url = {http://www.rss2011.org/}
}

@comment{jabref-meta: selector_publisher:}

@comment{jabref-meta: selector_author:}

@comment{jabref-meta: selector_journal:}

@comment{jabref-meta: selector_keywords:}

