% This file was created with JabRef 2.7.
% Encoding: ISO8859_1

@STRING{bib_postscript.icon = {my_own_ps.gif}}

@STRING{use_icons = {1}}


