% This file was created with JabRef 2.10.
% Encoding: ISO8859_1


@Unpublished{personal,
  Title                    = {Personal Communication},
  Author                   = {Anonymous Google engineer},
  Note                     = {The name is omitted due just in case for his job security. Google employees travel to conferences in couples so that they can watch that the other doesn't divulge any company secret.},

  Owner                    = {andrea},
  Timestamp                = {2014.08.20}
}

