% This file was created with JabRef 2.7.2.
% Encoding: UTF8


