% This file was created with JabRef 2.6.
% Encoding: ISO8859_1
