
@inproceedings{censi12fault_cv,
  author = {Andrea Censi and  Magnus H\r{a}kansson and Richard M. Murray},
  title = {Fault detection and isolation from uninterpreted data in robotic sensorimotor cascades},
  year = {2012},
  month = may,
  booktitle = ICRA, 
  pdf = {http://purl.org/censi/research/2011-fault/2011-fault.pdf},
  slides = {http://purl.org/censi/research/2012-fault-slides.pdf},
  url = {http://purl.org/censi/2011/fault},
  doi = {10.1109/ICRA.2012.6225311},
  note = {\bestStudentPaperCandidate}
}


@INPROCEEDINGS{censi11bds_cv,
  author = {Andrea Censi and Richard M. Murray},
  title = {Bootstrapping bilinear models of robotic sensorimotor cascades},
  booktitle = ICRA,
  address = {Shanghai, China},
  year = {2011},
  month = may,
  note = {\bestPaperCandidate},
  pdf = {http://purl.org/censi/research/2010-bootstrapping-bilinear-short.pdf},
  slides = {http://purl.org/censi/research/2011-icra-bds-slides.pdf},
  url = {http://purl.org/censi/2010/boot},
  doi = {10.1109/ICRA.2011.5979844}
}



@article{censi12cameracalib_cv,
  author = {Andrea Censi and Davide Scaramuzza},
  title = {Calibration by correlation using metric embedding 
           from non-metric similarities},
  url = {http://purl.org/censi/2012/camera_calibration}, 
  pdf = {http://andrea.caltech.edu/pub/research/preprints/camera_calibration/2012-camera_calibration.pdf},
  month = mar,
  year = {2013},
  doi = {10.1109/TPAMI.2013.34},
  journal = {IEEE Transactions on Pattern Analysis and Machine Intelligence}
}